@article{chapline,
      author         = "Chapline, G.F. and Johnson, M.H. and Teller, E. and Weiss, M.S.",
      title          = "{Highly excited nuclear matter}",
      journal        = "Phys.Rev.",
      volume         = "D8",
      pages          = "4302-4308",
      doi            = "10.1103/PhysRevD.8.4302",
      year           = "1973",
      SLACcitation   = "%%CITATION = PHRVA,D8,4302;%%",
}

@article{bjorken,
      author         = "Bjorken, J.D.",
      title          = "{Highly Relativistic Nucleus-Nucleus Collisions: The
                        Central Rapidity Region}",
      journal        = "Phys.Rev.",
      volume         = "D27",
      pages          = "140-151",
      doi            = "10.1103/PhysRevD.27.140",
      year           = "1983",
      reportNumber   = "FERMILAB-PUB-82-044-THY, FERMILAB-PUB-82-044-T",
      SLACcitation   = "%%CITATION = PHRVA,D27,140;%%",
}

@article{ollitrault,
      author         = "Ollitrault, Jean-Yves",
      title          = "{Anisotropy as a signature of transverse collective
                        flow}",
      journal        = "Phys.Rev.",
      volume         = "D46",
      pages          = "229-245",
      doi            = "10.1103/PhysRevD.46.229",
      year           = "1992",
      reportNumber   = "SACLAY-SPH-T-92-016",
      SLACcitation   = "%%CITATION = PHRVA,D46,229;%%",
}

@article{cf,
      author         = "Cooper, Fred and Frye, Graham",
      title          = "{Comment on the Single Particle Distribution in the
                        Hydrodynamic and Statistical Thermodynamic Models of
                        Multiparticle Production}",
      journal        = "Phys.Rev.",
      volume         = "D10",
      pages          = "186",
      doi            = "10.1103/PhysRevD.10.186",
      year           = "1974",
      reportNumber   = "Print-74-0742 (YESHIVA)",
      SLACcitation   = "%%CITATION = PHRVA,D10,186;%%",
}

@article{fermi,
      author         = "O'Hara, K.M. and Hemmer, S.L. and Gehm, M.E. and Granade,
                        S.R. and Thomas, J.E.",
      title          = "{Observation of a Strongly Interacting Degenerate Fermi
                        Gas of Atoms}",
      journal        = "Science",
      volume         = "298",
      pages          = "2179-2182",
      doi            = "10.1126/science.1079107",
      year           = "2002",
      eprint         = "cond-mat/0212463",
      archivePrefix  = "arXiv",
      primaryClass   = "cond-mat.supr-con",
      SLACcitation   = "%%CITATION = COND-MAT/0212463;%%",
}

@article{bass-dumitru,
      author         = "Bass, S.A. and Dumitru, A.",
      title          = "{Dynamics of hot bulk QCD matter: From the quark gluon
                        plasma to hadronic freezeout}",
      journal        = "Phys.Rev.",
      volume         = "C61",
      pages          = "064909",
      doi            = "10.1103/PhysRevC.61.064909",
      year           = "2000",
      eprint         = "nucl-th/0001033",
      archivePrefix  = "arXiv",
      primaryClass   = "nucl-th",
      SLACcitation   = "%%CITATION = NUCL-TH/0001033;%%",
}

@article{nonaka-bass,
      author         = "Nonaka, Chiho and Bass, Steffen A.",
      title          = "{Space-time evolution of bulk QCD matter}",
      journal        = "Phys.Rev.",
      volume         = "C75",
      pages          = "014902",
      doi            = "10.1103/PhysRevC.75.014902",
      year           = "2007",
      eprint         = "nucl-th/0607018",
      archivePrefix  = "arXiv",
      primaryClass   = "nucl-th",
      SLACcitation   = "%%CITATION = NUCL-TH/0607018;%%",
}

@article{song,
      author         = "Song, Huichao and Bass, Steffen A. and Heinz, Ulrich and
                        Hirano, Tetsufumi and Shen, Chun",
      title          = "{200 A GeV Au+Au collisions serve a nearly perfect
                        quark-gluon liquid}",
      journal        = "Phys.Rev.Lett.",
      volume         = "106",
      pages          = "192301",
      doi            = "10.1103/PhysRevLett.106.192301,
                        10.1103/PhysRevLett.109.139904",
      year           = "2011",
      eprint         = "1011.2783",
      archivePrefix  = "arXiv",
      primaryClass   = "nucl-th",
      SLACcitation   = "%%CITATION = ARXIV:1011.2783;%%",
}

@article{glauber,
      author         = "Miller, Michael L. and Reygers, Klaus and Sanders,
                        Stephen J. and Steinberg, Peter",
      title          = "{Glauber modeling in high energy nuclear collisions}",
      journal        = "Ann.Rev.Nucl.Part.Sci.",
      volume         = "57",
      pages          = "205-243",
      doi            = "10.1146/annurev.nucl.57.090506.123020",
      year           = "2007",
      eprint         = "nucl-ex/0701025",
      archivePrefix  = "arXiv",
      primaryClass   = "nucl-ex",
      SLACcitation   = "%%CITATION = NUCL-EX/0701025;%%",
}

@article{kln,
      author         = "Drescher, Hans-Joachim and Dumitru, Adrian and
                        Hayashigaki, Arata and Nara, Yasushi",
      title          = "{The Eccentricity in heavy-ion collisions from color
                        glass condensate initial conditions}",
      journal        = "Phys.Rev.",
      volume         = "C74",
      pages          = "044905",
      doi            = "10.1103/PhysRevC.74.044905",
      year           = "2006",
      eprint         = "nucl-th/0605012",
      archivePrefix  = "arXiv",
      primaryClass   = "nucl-th",
      SLACcitation   = "%%CITATION = NUCL-TH/0605012;%%",
}

@article{vish,
      author         = "Song, Huichao and Heinz, Ulrich W.",
      title          = "{Causal viscous hydrodynamics in 2+1 dimensions for
                        relativistic heavy-ion collisions}",
      journal        = "Phys.Rev.",
      volume         = "C77",
      pages          = "064901",
      doi            = "10.1103/PhysRevC.77.064901",
      year           = "2008",
      eprint         = "0712.3715",
      archivePrefix  = "arXiv",
      primaryClass   = "nucl-th",
      reportNumber   = "CERN-PH-TH-2007-269",
      SLACcitation   = "%%CITATION = ARXIV:0712.3715;%%",
}

@article{iss,
      author         = "Qiu, Zhi",
      title          = "{Event-by-event Hydrodynamic Simulations for Relativistic
                        Heavy-ion Collisions}",
      year           = "2013",
      eprint         = "1308.2182",
      archivePrefix  = "arXiv",
      primaryClass   = "nucl-th",
      SLACcitation   = "%%CITATION = ARXIV:1308.2182;%%",
}

@article{urqmd1,
      author         = "Bass, S.A. and Belkacem, M. and Bleicher, M. and
                        Brandstetter, M. and Bravina, L. and others",
      title          = "{Microscopic models for ultrarelativistic heavy ion
                        collisions}",
      journal        = "Prog.Part.Nucl.Phys.",
      volume         = "41",
      pages          = "255-369",
      doi            = "10.1016/S0146-6410(98)00058-1",
      year           = "1998",
      eprint         = "nucl-th/9803035",
      archivePrefix  = "arXiv",
      primaryClass   = "nucl-th",
      SLACcitation   = "%%CITATION = NUCL-TH/9803035;%%",
}

@article{urqmd2,
      author         = "Bleicher, M. and Zabrodin, E. and Spieles, C. and Bass,
                        S.A. and Ernst, C. and others",
      title          = "{Relativistic hadron hadron collisions in the
                        ultrarelativistic quantum molecular dynamics model}",
      journal        = "J.Phys.",
      volume         = "G25",
      pages          = "1859-1896",
      doi            = "10.1088/0954-3899/25/9/308",
      year           = "1999",
      eprint         = "hep-ph/9909407",
      archivePrefix  = "arXiv",
      primaryClass   = "hep-ph",
      SLACcitation   = "%%CITATION = HEP-PH/9909407;%%",
}

@article{atlas-vn,
      author         = "Jia, Jiangyong",
      title          = "{Measurement of the distributions of event-by-event flow
                        harmonics in Pb-Pb Collisions at $\sqrt{s_{NN}}=2.76$ TeV
                        with the ATLAS detector}",
      collaboration  = "ATLAS Collaboration",
      year           = "2012",
      eprint         = "1209.4232",
      archivePrefix  = "arXiv",
      primaryClass   = "nucl-ex",
      SLACcitation   = "%%CITATION = ARXIV:1209.4232;%%",
}

@article{atlas-vn2,
      author         = "Aad, Georges and others",
      title          = "{Measurement of the distributions of event-by-event flow
                        harmonics in lead--lead collisions at $\sqrt{s_{NN}}$=2.76
                        TeV with the ATLAS detector at the LHC}",
      collaboration  = "ATLAS Collaboration",
      year           = "2013",
      eprint         = "1305.2942",
      archivePrefix  = "arXiv",
      primaryClass   = "hep-ex",
      SLACcitation   = "%%CITATION = ARXIV:1305.2942;%%",
}

@article{phobos,
      author         = "Alver, B. and others",
      title          = "{Event-by-Event Fluctuations of Azimuthal Particle
                        Anisotropy in Au + Au Collisions at $\sqrt{s_{NN}}= 200$
                        GeV}",
      collaboration  = "PHOBOS Collaboration",
      journal        = "Phys.Rev.Lett.",
      volume         = "104",
      pages          = "142301",
      doi            = "10.1103/PhysRevLett.104.142301",
      year           = "2010",
      eprint         = "nucl-ex/0702036",
      archivePrefix  = "arXiv",
      primaryClass   = "nucl-ex",
      SLACcitation   = "%%CITATION = NUCL-EX/0702036;%%",
}

@article{unfolding,
      author         = "Jia, Jiangyong and Mohapatra, Soumya",
      title          = "{Disentangling flow and nonflow correlations via Bayesian
                        unfolding of the event-by-event distributions of harmonic
                        coefficients in ultrarelativistic heavy-ion collisions}",
      year           = "2013",
      eprint         = "1304.1471",
      archivePrefix  = "arXiv",
      primaryClass   = "nucl-ex",
      SLACcitation   = "%%CITATION = ARXIV:1304.1471;%%",
}

@book{rasmussen,
    author    = "Carl Edward Rasmussen and Christopher K. I. Williams",
    title     = "Gaussian Processes for Machine Learning",
    year      = "2006",
    publisher = "The MIT Press",
}

@article{osu1,
      author         = "Shen, Chun and Bass, Steffen A. and Hirano, Tetsufumi and
                        Huovinen, Pasi and Qiu, Zhi and others",
      title          = "{The QGP shear viscosity: Elusive goal or just around the
                        corner?}",
      journal        = "J.Phys.",
      volume         = "G38",
      pages          = "124045",
      doi            = "10.1088/0954-3899/38/12/124045",
      year           = "2011",
      eprint         = "1106.6350",
      archivePrefix  = "arXiv",
      primaryClass   = "nucl-th",
      SLACcitation   = "%%CITATION = ARXIV:1106.6350;%%",
}

@article{osu2,
      author         = "Heinz, Ulrich and Shen, Chun and Song, Hui-Chao",
      title          = "{The viscosity of quark-gluon plasma at RHIC and the
                        LHC}",
      journal        = "AIP Conf.Proc.",
      volume         = "1441",
      pages          = "766-770",
      doi            = "10.1063/1.3700674",
      year           = "2012",
      eprint         = "1108.5323",
      archivePrefix  = "arXiv",
      primaryClass   = "nucl-th",
      SLACcitation   = "%%CITATION = ARXIV:1108.5323;%%",
}

@article{eos,
      author         = "Huovinen, Pasi and Petreczky, Pter",
      title          = "{QCD Equation of State and Hadron Resonance Gas}",
      journal        = "Nucl.Phys.",
      volume         = "A837",
      pages          = "26-53",
      doi            = "10.1016/j.nuclphysa.2010.02.015",
      year           = "2010",
      eprint         = "0912.2541",
      archivePrefix  = "arXiv",
      primaryClass   = "hep-ph",
      SLACcitation   = "%%CITATION = ARXIV:0912.2541;%%",
}
